%% This BibTeX bibliography file was created using BibDesk.
%% https://bibdesk.sourceforge.io/

%% Created for James Clawson at 2021-07-25 17:35:00 -0500 


%% Saved with string encoding Unicode (UTF-8) 



@mlasource{Benton:wd,
	author = {Benton, Thomas Hart},
	date = {1930/1931},
	date-added = {2021-07-25 17:27:49 -0500},
	date-modified = {2021-07-25 17:29:27 -0500},
	datea = {2012},
	locationa = {Metropolitan Museum of Art},
	supplemental = {1930--31},
	supplementala = {www.metmuseum.org/blogs/now-at-the-met/from-the-director/2012/benton/slideshow},
	supplementalb = {Slide 1},
	title = {Instruments of Power \mkbibemph{from} America Today},
	titlea = {The Met},
	titletype = {complete}}

@artwork{Monet:ug,
	addendum = {Introduction to the History of Art, taught by Jane Ford, 4 Apr. 2016, Bates College. Slide 2.},
	author = {Monet, Claude},
	date = {1899},
	date-added = {2021-07-25 17:27:49 -0500},
	date-modified = {2021-07-25 17:27:49 -0500},
	title = {Bridge over a Pond of Water Lilies}}

@mlasource{SlideLinus:wh,
	date-added = {2021-07-25 17:27:49 -0500},
	date-modified = {2021-07-25 17:31:37 -0500},
	supplemental = {English 204: Animals in Graphic Art, 4 Apr. 2016, Evergreen State College. Slide 2.},
	title = {Slide of Linus, Lucy, and Snoopy},
	titletype = {unstyled}}

@article{Karasik:vt,
	author = {Karasik, Paul},
	date = {2008-04-14},
	date-added = {2021-07-25 17:14:39 -0500},
	date-modified = {2021-07-25 17:14:39 -0500},
	entrysubtype = {untitled},
	journal = {The New Yorker},
	pages = {49},
	title = {Cartoon}}

@article{Trudeau:tx,
	author = {Trudeau, Garry},
	date = {2002-05-04},
	date-added = {2021-07-25 17:14:39 -0500},
	date-modified = {2021-07-25 17:14:39 -0500},
	entrysubtype = {newspaper},
	journal = {The Star-Ledger},
	location = {Newark},
	pages = {26},
	title = {Doonesbury}}

@image{Sheldon:tr,
	author = {Sheldon, Natasha},
	date-added = {2021-07-25 10:51:20 -0500},
	date-modified = {2021-07-25 15:13:49 -0500},
	related = {sheldon2014},
	title = {Photograph of \mkbibemph{The Muleteer}}}

@online{sheldon2014,
	author = {Sheldon, Natasha},
	date = {2014-03-23},
	date-added = {2021-07-25 10:51:20 -0500},
	date-modified = {2021-07-25 15:49:01 -0500},
	eprinttype = {Decoded Past},
	title = {Human Remains in Pompeii: The Body Casts},
	url = {decodedpast.com/human-remains-pompeii-body-casts/7532/},
	Bdsk-Url-1 = {decodedpast.com/human-remains-pompeii-body-casts/7532/}}

@artwork{Silver:tj,
	author = {Silver, Walter},
	date = {1986},
	date-added = {2021-07-25 10:51:20 -0500},
	date-modified = {2021-07-25 10:51:20 -0500},
	eprinttype = {New York Public Library Digital Collections},
	title = {Factory},
	url = {digitalcollections.nypl.org/items/51fd9310-ea71-0131-8221-58d385a7bbd0},
	Bdsk-Url-1 = {digitalcollections.nypl.org/items/51fd9310-ea71-0131-8221-58d385a7bbd0}}

@artwork{Cameron:wo,
	author = {Cameron, Julia Margaret},
	date = {1866},
	date-added = {2021-07-25 09:51:26 -0500},
	date-modified = {2021-07-25 09:51:26 -0500},
	institution = {Metropolitan Museum of Art},
	location = {New York City},
	title = {Alfred, Lord Tennyson}}

@inbook{Velazquez:2016ud,
	author = {Vel{\'a}zquez, Diego},
	bookauthor = {Laura Cumming},
	booktitle = {The Vanishing Vel{\'a}zquez: A Nineteenth-Century Bookseller's Obsession with a Lost Masterpiece},
	date-added = {2021-07-02 10:43:31 -0500},
	date-modified = {2021-07-02 11:12:10 -0500},
	entrysubtype = {artwork},
	institution = {Scottish National Gallery},
	origdate = {1618~},
	pages = {27},
	publisher = {Scribner},
	title = {An Old Woman Cooking Eggs},
	year = {2016}}

@artwork{Bearden:aa,
	author = {Bearden, Romare},
	date = {1975},
	date-added = {2021-07-02 09:18:33 -0500},
	date-modified = {2021-07-02 09:24:35 -0500},
	eprinttype = {MOMA},
	title = {The Train},
	url = {www.moma.org/collection/works/65232?locale=en},
	Bdsk-Url-1 = {http://www.moma.org/collection/works/65232?locale=en}}

@artwork{Bearden:vp,
	author = {Bearden, Romare},
	date = {1975},
	date-added = {2021-07-02 09:17:02 -0500},
	date-modified = {2021-07-02 09:17:02 -0500},
	institution = {Museum of Modern Art},
	location = {New York City},
	title = {The Train}}

@artwork{Mackintosh:wj,
	author = {Mackintosh, Charles Rennie},
	date = {1897/1900},
	date-added = {2021-07-02 09:15:29 -0500},
	date-modified = {2021-07-02 09:15:29 -0500},
	entrysubtype = {untitled},
	institution = {{Victoria and Albert Museum}},
	location = {London},
	title = {Chair of stained oak}}

@artwork{JarWithSerpent:xv,
	date-added = {2021-07-02 09:13:24 -0500},
	date-modified = {2021-07-02 09:13:24 -0500},
	entrysubtype = {untitled},
	institution = {National Museum of the American Indian},
	location = {New York City},
	title = {Jar with feathered serpent design}}

@artwork{Rodin:uj,
	addendum = {Marble sculpture},
	author = {Rodin, Auguste},
	date = {1908},
	date-added = {2021-07-02 09:08:48 -0500},
	date-modified = {2021-07-02 09:08:48 -0500},
	institution = {J. Paul Getty Museum},
	location = {Los Angeles},
	title = {Christ and Mary Magdalene}}

@artwork{Cave:wf,
	author = {Cave, Nick},
	date = {2016-10-15/2017-09-04},
	date-added = {2021-07-01 17:56:41 -0500},
	date-modified = {2021-07-01 17:56:41 -0500},
	institution = {Mass MOCA},
	location = {North Adams},
	title = {Until}}

@artwork{Unbound:wy,
	date = {2016-03-12/2016-12-04},
	date-added = {2021-07-01 17:56:41 -0500},
	date-modified = {2021-07-01 17:56:57 -0500},
	institution = {National Museum of the American Indian},
	location = {New York City},
	title = {Unbound: Narrative Art of the Plains}}

@audio{PoeMusic:wi,
	booktitle = {Morricone Island},
	date = {2016-01-19},
	date-added = {2021-07-01 17:30:36 -0500},
	date-modified = {2021-07-01 17:30:45 -0500},
	namea = {Devon E. Levins},
	nameatype = {host},
	publisher = {WFMU},
	title = {The Music of Edgar Allan Poe--Inspired Films on his 197th Birthday}}

@audio{YiyunLiReads:ub,
	addendum = {iTunes app},
	booktitle = {The Writer's Voice: New Fiction from \mkbibemph{The New Yorker}},
	date = {2017-01-03},
	date-added = {2021-07-01 17:26:06 -0500},
	date-modified = {2021-07-01 17:26:19 -0500},
	edition = {podcast edition},
	namea = {Deborah Treisman},
	nameatype = {host},
	publisher = {\mkbibemph{The New Yorker} and WNYC},
	title = {Yiyun Li Reads \mkbibquote{On the Street Where You Live}}}

@audio{Chaucer:uf,
	addendum = {MP3 format},
	author = {Chaucer, Geoffrey},
	date-added = {2021-07-01 17:10:38 -0500},
	date-modified = {2021-07-01 17:10:38 -0500},
	eprinttype = {Baragona's Literary Resources},
	namea = {Susan Yager},
	nameatype = {narrator},
	title = {The Former Age},
	url = {alanbaragona.wordpress.com/the-criyng-and-the-soun/the-former-age/},
	urldate = {2017-03-08},
	Bdsk-Url-1 = {alanbaragona.wordpress.com/the-criyng-and-the-soun/the-former-age/}}

@audio{Li:ty,
	author = {Li, Yiyun},
	booktitle = {The Writer's Voice: Fiction from the Magazine},
	date = {2017-01-03},
	date-added = {2021-07-01 16:43:18 -0500},
	date-modified = {2021-07-01 16:43:18 -0500},
	editor = {Deborah Treisman},
	editortype = {host},
	eprinttype = {The New Yorker},
	namea = {Li, Yiyun},
	nameatype = {narrator},
	options = {uniquenamea=true},
	title = {On the Street Where You Live},
	url = {www.newyorker.com/podcast/the-authors-voice/yiyun-li-reads-on-the-street-where-you-live},
	Bdsk-Url-1 = {www.newyorker.com/podcast/the-authors-voice/yiyun-li-reads-on-the-street-where-you-live}}

@music{Beethoven:ui,
	author = {Beethoven, Ludwig van},
	date = {1998},
	date-added = {2021-07-01 15:57:09 -0500},
	date-modified = {2021-07-01 15:57:09 -0500},
	editor = {Wilhelm Furtw{\"a}ngler},
	editortype = {conductor},
	entrysubtype = {album},
	origdate = {1951-07-29},
	publisher = {EMI},
	title = {Symphony No. 9 in D Minor \mkbibquote{Choral}}}

@music{Schubert:wm,
	addendum = {Vinyl LP},
	author = {Schubert, Franz},
	date = {2011},
	date-added = {2021-07-01 15:51:56 -0500},
	date-modified = {2021-07-01 15:53:33 -0500},
	edition = {unabridged version},
	editor = {{Wiener Mozart-Trio}},
	editortype = {Performance by},
	entrysubtype = {album},
	publisher = {Preiser Records},
	title = {Piano Trio in E-flat Major D 929}}

@music{Beyonce:ta,
	author = {Beyonc{\'e}},
	booktitle = {Beyonc{\'e}},
	date = {2013},
	date-added = {2021-07-01 15:27:49 -0500},
	date-modified = {2021-07-01 15:27:49 -0500},
	publisher = {Parkwood Entertainment},
	title = {Pretty Hurts},
	url = {www.beyonce.com/album/beyonce/?media_view=songs},
	Bdsk-Url-1 = {www.beyonce.com/album/beyonce/?media_view=songs}}

@music{Beatles:aa,
	author = {Beatles},
	booktitle = {The Beatles},
	date = {1968},
	date-added = {2021-07-01 14:51:48 -0500},
	date-modified = {2021-07-01 15:21:26 -0500},
	publisher = {EMI Records}}

@music{SigurRos:vq,
	author = {{Sigur R{\'o}s}},
	date = {2005},
	date-added = {2021-07-01 14:51:48 -0500},
	date-modified = {2021-07-01 15:45:21 -0500},
	entrysubtype = {album},
	publisher = {Geffen Records},
	title = {Takk{\ldots}},
	Bdsk-Url-1 = {www.beyonce.com/album/beyonce/?media_view=songs}}

@music{Lopez:tu,
	addendum = {Spotify app},
	author = {Lopez, Jennifer},
	date = {2017},
	date-added = {2021-07-01 14:51:48 -0500},
	date-modified = {2021-07-01 14:51:48 -0500},
	publisher = {Sony Music Latin},
	title = {Vivir mi vida}}

@book{Lee:2014aa,
	author = {Lee, Harper},
	date = {2014-07-08},
	date-added = {2021-06-23 07:56:18 -0500},
	date-modified = {2021-06-23 07:57:12 -0500},
	edition = {audiobook edition, unabridged edition},
	editor = {Sissy Spacek},
	editortype = {narrator},
	publisher = {HarperAudio},
	title = {To Kill a Mockingbird}}

@video{Fleabag:2019:tq,
	date = {2019-03-18},
	date-added = {2021-06-18 14:09:13 -0500},
	date-modified = {2021-06-18 14:10:06 -0500},
	namea = {Phoebe Waller-Bridge},
	nameatype = {creator},
	number = {3},
	publisher = {BBC},
	season = {2},
	title = {Fleabag}}

@video{Jeopardy:2019:td,
	date = {2019-11-07},
	date-added = {2021-06-18 14:09:13 -0500},
	date-modified = {2021-06-18 14:09:43 -0500},
	publisher = {ABC},
	title = {Jeopardy!}}

@video{SaturdayNight:2019:vu,
	date = {2019-03-30},
	date-added = {2021-06-18 14:09:13 -0500},
	date-modified = {2021-06-18 14:50:29 -0500},
	namea = {Sandra Oh},
	nameatype = {hosted by},
	number = {16},
	publisher = {NBC},
	season = {44},
	title = {Saturday Night Live}}

@video{NewNormal:2016:vi,
	addendum = {Amazon Prime Video app},
	date = {2016-07-24},
	date-added = {2021-06-18 13:48:21 -0500},
	date-modified = {2021-06-18 15:37:53 -0500},
	maintitle = {Homeland},
	namea = {Dan Attias},
	nameatype = {director},
	number = {10},
	options = {uniquenamea=true},
	publisher = {Showtime},
	season = {5},
	title = {New Normal}}

@video{Hush:1999:vg,
	addendum = {DVD},
	date = {2003},
	date-added = {2021-06-18 13:41:34 -0500},
	date-modified = {2021-06-18 13:44:03 -0500},
	maintitle = {Buffy the Vampire Slayer: The Complete Fourth Season},
	namea = {Joss Whedon},
	nameatype = {creator},
	note = {disc 3},
	number = {10},
	origdate = {1999},
	publisher = {Mutant Enemy and Twentieth Century Fox},
	title = {Hush}}

@video{IBorg:1992:wz,
	date = {1992},
	date-added = {2021-06-18 13:33:20 -0500},
	date-modified = {2021-06-18 13:33:31 -0500},
	eprinttype = {Netflix},
	maintitle = {Star Trek: The Next Generation},
	number = {23},
	publisher = {Paramount Pictures},
	season = {5},
	title = {I, Borg},
	url = {www.netflix.com},
	Bdsk-Url-1 = {www.netflix.com}}

@video{Hush:1999:vi,
	date = {1999-12-14},
	date-added = {2021-06-18 13:21:11 -0500},
	date-modified = {2021-06-18 13:21:23 -0500},
	maintitle = {Buffy the Vampire Slayer},
	namea = {Joss Whedon},
	nameatype = {creator},
	number = {10},
	publisher = {Mutant Enemy and WB Television Network},
	season = {4},
	title = {Hush}}

@video{WhatIsMLA:2016:wq,
	date = {2016-10-14},
	date-added = {2021-06-18 13:09:50 -0500},
	date-modified = {2021-06-18 13:10:13 -0500},
	maintitle = {Vimeo},
	namea = {{MLA International Bibliography}},
	nameatype = {uploaded by},
	title = {What Is the MLA International Bibliography?},
	url = {vimeo.com/187399565},
	Bdsk-Url-1 = {vimeo.com/187399565}}

@movie{ET:1982:vj,
	addendum = {Netflix app},
	date = {1982},
	date-added = {2021-06-18 12:53:22 -0500},
	date-modified = {2021-06-18 12:53:30 -0500},
	publisher = {Universal Studios},
	title = {E.T. the Extra-Terrestial}}

@movie{BladeRunner::1992tx,
	date = {1992},
	date-added = {2021-06-18 12:40:24 -0500},
	date-modified = {2021-06-18 12:40:31 -0500},
	namea = {Ridley Scott},
	nameatype = {director},
	origdate = {1982},
	publisher = {Warner Bros.},
	title = {Blade Runner},
	version = {director's cut}}

@movie{LikeWater:1993:og,
	date = {1993},
	date-added = {2021-06-18 12:03:59 -0500},
	date-modified = {2021-06-18 12:03:59 -0500},
	namea = {Alfonso Arau},
	nameatype = {director},
	nameb = {Laura Esquivel},
	namebtype = {screenplay},
	publisher = {Miramax},
	title = {Like Water for Chocolate},
	titleaddon = {Como agua para chocolate}}

@movie{Sairat:vz,
	date = {2016},
	date-added = {2021-06-18 12:01:21 -0500},
	date-modified = {2021-06-18 12:01:30 -0500},
	editor = {Nagraj Manjule},
	editortype = {director},
	options = {useeditor=false},
	publisher = {Zee Studios and Aatpat Production},
	title = {Sairat}}

@movie{OpeningNight:tf,
	date = {1977},
	date-added = {2021-06-18 11:40:01 -0500},
	date-modified = {2021-06-18 11:42:07 -0500},
	editor = {John Cassavetes},
	editortype = {director},
	options = {useeditor=false},
	publisher = {Faces Distribution},
	title = {Opening Night}}

@inreference{Content:2020tl,
	booktitle = {Merriam-Webster},
	date-added = {2021-06-16 14:25:42 -0500},
	date-modified = {2021-06-16 14:31:32 -0500},
	title = {Content, \mkbibemph{N}. (1)},
	url = {www.merriam-webster.com/dictionary/content},
	year = {2020},
	Bdsk-Url-1 = {www.merriam-webster.com/dictionary/content}}

@inreference{Content:2003ug,
	booktitle = {Merriam-Webster's Collegiate Dictionary},
	date-added = {2021-06-16 14:25:42 -0500},
	date-modified = {2021-06-16 14:26:57 -0500},
	edition = {11},
	pages = {269},
	publisher = {Merriam-Webster},
	title = {Content, \mkbibemph{N}. (4)},
	year = {2003}}

@inreference{Emoticon:2003ur,
	booktitle = {Merriam-Webster's Collegiate Dictionary},
	date-added = {2021-06-16 14:25:42 -0500},
	date-modified = {2021-06-16 14:26:41 -0500},
	edition = {11},
	pages = {408},
	publisher = {Merriam-Webster},
	title = {Emoticon, \mkbibemph{N}.},
	year = {2003}}

@inreference{Emoticon:2018ws,
	booktitle = {Oxford English Dictionary},
	date-added = {2021-06-16 14:25:42 -0500},
	date-modified = {2021-06-16 14:26:28 -0500},
	publisher = {Oxford University Press},
	title = {Emoticon, \mkbibemph{N}.},
	url = {www.oed.com/view/Entry/249618},
	year = {2018},
	Bdsk-Url-1 = {www.oed.com/view/Entry/249618}}

@inreference{Heavy:2018ty,
	booktitle = {Oxford English Dictionary},
	date-added = {2021-06-16 14:25:42 -0500},
	date-modified = {2021-06-16 14:26:00 -0500},
	publisher = {Oxford UP},
	title = {Heavy, \mkbibemph{Adj.} (1) and \mkbibemph{N.}},
	url = {www.oed.com/view/Entry/85246},
	year = {2018},
	Bdsk-Url-1 = {www.oed.com/view/Entry/85246}}

@inreference{Botterill:2004tx,
	author = {Botterill, Steven N.},
	booktitle = {Medieval Italy: An Encyclopedia},
	date-added = {2021-06-16 14:20:07 -0500},
	date-modified = {2021-06-16 14:38:22 -0500},
	editor = {Christopher Kleinhenz and John W. Barker and Gail Geiger and Richard Lansing},
	eprint = {E2CTAgAAQBAJ},
	eprinttype = {Google Books},
	pages = {35--36},
	publisher = {Routledge},
	title = {Angela Da Foligno, Saint},
	volume = {1},
	year = {2004},
	Bdsk-Url-1 = {https://books.google.com/books?id=E2CTAgAAQBAJ}}

@inreference{Patanjali:1996wu,
	booktitle = {Ben{\'e}t's Reader's Encyclopedia},
	date-added = {2021-06-16 13:59:13 -0500},
	date-modified = {2021-06-16 13:59:23 -0500},
	edition = {4},
	editor = {Bruce Murphy},
	pages = {782},
	publisher = {HarperCollins Publishers},
	title = {Patanjali},
	year = {1996}}

@online{Beaton:vx,
	author = {Beaton, Kate},
	date-added = {2021-06-14 11:59:41 -0500},
	date-modified = {2021-06-14 11:59:41 -0500},
	maintitle = {Hark! A Vagrant},
	title = {The Secret Garden},
	url = {www.harkavagrant.com/index.php?id=350},
	urldate = {2017-01-17},
	Bdsk-Url-1 = {www.harkavagrant.com/index.php?id=350}}

@online{Wang:wj,
	addendum = {Preprint},
	author = {Lijing Wang and Xue Ben and Aniruddha Adiga and Adam Sadilek and Ashish Tendulkar and Srinivasan Venkatramanan and Anil Vullikanti and Gaurav Aggarwal and Alok Talekar and Jiangzhuo Chen and Bryan Lewis and Samarth Swarup and Amol Kapoor and Milind Tambe and Madhav Marathe},
	date = {2020-12-15},
	date-added = {2021-06-14 11:39:38 -0500},
	date-modified = {2021-07-01 14:42:25 -0500},
	doi = {10.1101/2020.12.13.20248129},
	journal = {MedRxiv: The Preprint Server for Health Sciences},
	title = {Using Mobility Data to Understand and Forecast COVID19 Dynamics},
	Bdsk-Url-1 = {https://doi.org/10.1101/2020.12.13.20248129}}

@inproceedings{Werner:vh,
	author = {Werner, Sarah},
	date-added = {2021-06-14 11:39:38 -0500},
	date-modified = {2021-06-14 11:48:46 -0500},
	doi = {10.17613/M6PG6F},
	eprinttype = {CORE},
	eventdate = {2015-11-14},
	eventtitle = {Stanford Primary Source Symposium: The Phenomenology of the Source},
	institution = {Stanford University},
	title = {When Is a Source Not a Source?},
	Bdsk-Url-1 = {https://doi.org/10.17613/M6PG6F}}

@online{Chaucer-Doth-Tweet:tx,
	author = {{Chaucer Doth Tweet}},
	date = {2018-04-07},
	date-added = {2021-06-14 10:52:39 -0500},
	date-modified = {2021-06-14 10:52:39 -0500},
	maintitle = {Twitter},
	nameaddon = {{@LeVostreGC}},
	title = {A daye wythout anachronism ys lyke Emily Dickinson wythout her lightsaber},
	url = {twitter.com/LeVostreGC/status/982829987286827009},
	Bdsk-Url-1 = {twitter.com/LeVostreGC/status/982829987286827009}}

@online{Lilly:ui,
	author = {Lilly},
	date = {2020},
	date-added = {2021-06-14 10:52:39 -0500},
	date-modified = {2021-06-14 10:54:59 -0500},
	maintitle = {TikTok},
	nameaddon = {{@uvisaa}},
	title = {[I]f u like dark academia there's a good chance you've seen my tumblr \#darkacademia.},
	url = {www.tiktok.com/@uvisaa/video/6815708894900391173},
	Bdsk-Url-1 = {www.tiktok.com/@uvisaa/video/6815708894900391173}}

@online{MacLeod:wm,
	author = {MacLeod, Michael},
	date = {2020},
	date-added = {2021-06-14 10:52:39 -0500},
	date-modified = {2021-06-14 10:52:56 -0500},
	entrysubtype = {untitled},
	maintitle = {Pinterest},
	title = {Cover of \mkbibemph{Space Cat and the Kittens}, by Ruthven Todd},
	url = {www.pinterest.com/pin/565412928193207246/},
	Bdsk-Url-1 = {www.pinterest.com/pin/565412928193207246/}}

@online{Modern-Language-Association:ub,
	author = {{Modern Language Association}},
	date = {2020},
	date-added = {2021-06-14 10:52:39 -0500},
	date-modified = {2021-06-14 10:52:39 -0500},
	maintitle = {LinkedIn},
	title = {Business leaders say college graduates are not effectively prepared with either soft or technical skills for today's workforce. . . .},
	url = {www.linkedin.com/posts/modern-language-association_are-colleges-finally-going-to-start-training-activity-6683424396222193664-y29x},
	Bdsk-Url-1 = {www.linkedin.com/posts/modern-language-association_are-colleges-finally-going-to-start-training-activity-6683424396222193664-y29x}}

@online{Ng:wg,
	author = {Ng, Celeste},
	date = {2018-01-22},
	date-added = {2021-06-14 10:52:39 -0500},
	date-modified = {2021-06-14 10:52:39 -0500},
	entrysubtype = {untitled},
	maintitle = {Twitter},
	nameaddon = {{@pronounced\_ing}},
	title = {Photo of a letter from Shirley Jackson},
	url = {twitter.com/pronounced_ing/status/955528799357231104},
	Bdsk-Url-1 = {twitter.com/pronounced_ing/status/955528799357231104}}

@online{Thomas:vq,
	author = {Thomas, Angie},
	date = {2018-12-04},
	date-added = {2021-06-14 10:52:39 -0500},
	date-modified = {2021-06-14 10:52:39 -0500},
	entrysubtype = {untitled},
	maintitle = {Instagram},
	title = {Photo of \mkbibemph{The Hate U Give} cover},
	url = {www.instagram.com/p/Bq_PaXKgqPw/},
	Bdsk-Url-1 = {www.instagram.com/p/Bq_PaXKgqPw/}}

@online{World-Wildlife-Fund:vz,
	author = {{World Wildlife Fund}},
	date = {2020-07-14},
	date-added = {2021-06-14 10:52:39 -0500},
	date-modified = {2021-06-14 10:52:39 -0500},
	maintitle = {Facebook},
	title = {Five Things to Know on Shark Awareness Day},
	url = {www.facebook.com/worldwildlifefund/videos/745925785979440/},
	Bdsk-Url-1 = {www.facebook.com/worldwildlifefund/videos/745925785979440/}}

@article{Grooms:tx,
	author = {Grooms, Russell W.},
	date = {2016-09-06T20:02:16},
	date-added = {2021-06-14 10:45:49 -0500},
	date-modified = {2021-06-14 10:45:49 -0500},
	entrysubtype = {comment},
	journal = {Infolit},
	title = {Comment on \mkbibquote{FW: Chicago Style Citation Question} thread},
	url = {lists.ala.org/sympa/arc/infolit/2016-09/msg00005.html},
	Bdsk-Url-1 = {lists.ala.org/sympa/arc/infolit/2016-09/msg00005.html}}

@article{Max-the-Pen:ve,
	author = {{Max the Pen}},
	date = {2016-09-29T18:06:00},
	date-added = {2021-06-14 10:29:26 -0500},
	date-modified = {2021-06-14 10:37:24 -0500},
	entrysubtype = {comment},
	journal = {The Economist},
	options = {dateusetime=true},
	title = {Comment on \mkbibquote{Why They're Wrong}},
	url = {www.economist.com/node/21707926/comments},
	Bdsk-Url-1 = {www.economist.com/node/21707926/comments}}

@article{Hayes:vy,
	addendum = {The Daily},
	author = {Hayes, Terrence},
	date = {2020-06-12},
	date-added = {2021-06-14 10:15:12 -0500},
	date-modified = {2021-06-14 10:18:52 -0500},
	entrysubtype = {blog},
	journal = {The Paris Review},
	title = {The Wicked Candor of Wanda Coleman},
	url = {www.theparisreview.org/blog/2020/06/12/the-wicked-candor-of-wanda-coleman/},
	Bdsk-Url-1 = {www.theparisreview.org/blog/2020/06/12/the-wicked-candor-of-wanda-coleman/}}

@article{Chou:vq,
	author = {Chou, Elaine Hsieh},
	date = {2019-09-12},
	date-added = {2021-06-14 10:13:24 -0500},
	date-modified = {2021-06-14 10:13:24 -0500},
	entrysubtype = {magazine},
	journal = {Guernica},
	title = {Carrot Legs},
	url = {www.guernicamag.com/carrot-legs/},
	Bdsk-Url-1 = {www.guernicamag.com/carrot-legs/}}

@article{Parker-Pope:aa,
	author = {Parker-Pope, Tara},
	date = {2017-11-02},
	date-added = {2021-06-14 10:12:06 -0500},
	date-modified = {2021-06-14 10:12:06 -0500},
	entrysubtype = {newspaper},
	journal = {The New York Times},
	title = {How to Age Well},
	url = {www.nytimes.com/guides/well/how-to-age-well},
	Bdsk-Url-1 = {www.nytimes.com/guides/well/how-to-age-well}}

@article{Moskowitz:aa,
	addendum = {Moskowitz supplementary material},
	author = {Moskowitz, Daniel J.},
	date = {2021-02},
	date-added = {2021-06-14 10:09:36 -0500},
	date-modified = {2021-06-14 10:10:39 -0500},
	doi = {10.1017/S0003055420000829},
	eprinttype = {Cambridge Core},
	journal = {American Political Science Review},
	number = {1},
	pages = {114--129},
	title = {Local News, Information, and the Nationalization of U.S. Elections},
	volume = {115},
	Bdsk-Url-1 = {https://doi.org/10.1017/S0003055420000829}}

@article{ReplicationNonDemocratic:ws,
	date-added = {2021-06-14 10:06:47 -0500},
	date-modified = {2021-06-14 10:08:06 -0500},
	doi = {10.7910/DVN/X2VJJX},
	eprinttype = {Harvard Dataverse},
	title = {Replication Data for: \mkbibquote{The Non-Democratic Roots of Mass Education: Evidence from 200 Years.}},
	Bdsk-Url-1 = {https://doi.org/10.7910/DVN/X2VJJX}}

@article{Goldman:2010uv,
	author = {Goldman, Anne},
	date-added = {2021-06-14 10:04:54 -0500},
	date-modified = {2021-06-14 10:04:54 -0500},
	issue = {spring},
	journal = {The Georgia Review},
	number = {1},
	pages = {69--88},
	subtitle = {Reading Primo Levi Reading Dante},
	title = {Questions of Transport},
	url = {www.jstor.org/stable/41403188},
	volume = {64},
	year = {2010},
	Bdsk-Url-1 = {www.jstor.org/stable/41403188}}

@article{Chan:uj,
	author = {Chan, Evans},
	date = {2000-05},
	date-added = {2021-06-14 10:02:57 -0500},
	date-modified = {2021-06-14 10:02:57 -0500},
	doi = {10.1353/pmc.2000.0021},
	eprinttype = {Project Muse},
	journal = {Postmodern Culture},
	number = {3},
	title = {Postmodernism and Hong Kong Cinema},
	volume = {10},
	Bdsk-Url-1 = {https://doi.org/10.1353/pmc.2000.0021}}

@article{Fisek:te,
	author = {Fi{\c s}ek, Emine},
	date-added = {2021-06-14 10:01:15 -0500},
	date-modified = {2021-06-14 10:01:15 -0500},
	journal = {Comparative Drama},
	number = {3},
	title = {Palimpsests of Violence: Urban Dispossession and Political Theatre in Istanbul},
	url = {scholarworks.wmich.edu/compdr/vol52/iss3/7},
	volume = {52},
	Bdsk-Url-1 = {scholarworks.wmich.edu/compdr/vol52/iss3/7}}

@incollection{Toorn:2017ti,
	address = {Cambridge},
	author = {Toorn, Penny van and Justice, Daniel},
	booktitle = {The Cambridge Companion to Canadian Literature},
	date-added = {2021-06-14 09:59:05 -0500},
	date-modified = {2021-06-14 09:59:05 -0500},
	doi = {10.1017/9781316671764.004},
	editor = {Eva-Marie Kr{\"o}ller},
	eprinttype = {Cambridge Core},
	pages = {26--58},
	publisher = {Cambridge UP},
	title = {Aboriginal Writing},
	year = {2017},
	Bdsk-Url-1 = {https://doi.org/10.1017/9781316671764.004}}

@incollection{Poe:1902aa,
	author = {Poe, Edgar Allan},
	booktitle = {The Complete Works of Edgar Allan Poe},
	date-added = {2021-06-14 09:45:23 -0500},
	date-modified = {2021-06-14 09:56:39 -0500},
	editor = {James A. Harrison},
	eprinttype = {HathiTrust Digital Library},
	pages = {250--258},
	publisher = {Thomas Y. Crowell},
	title = {The Masque of the Red Death},
	url = {hdl.handle.net/2027/coo.31924079574368},
	volume = {4},
	year = {1902},
	Bdsk-Url-1 = {hdl.handle.net/2027/coo.31924079574368}}

@online{Manifold:aa,
	date = {2016},
	date-added = {2021-06-13 15:12:35 -0500},
	date-modified = {2021-06-14 20:28:16 -0500},
	entrysubtype = {project},
	publisher = {{University of Texas, Austin, Harry Ransom Center} and {University of Oxford, Bodleian Libraries} and {Folger Shakespeare Library}},
	sorttitle = {Manifold Greatness},
	title = {Manifold Greatness: The Creation and Afterlife of the King James Bible},
	url = {manifoldgreatness.org},
	Bdsk-Url-1 = {manifoldgreatness.org}}

@online{Folgerpedia:aa,
	date = {2018-07-17},
	date-added = {2021-06-13 15:09:59 -0500},
	date-modified = {2021-06-14 20:28:09 -0500},
	entrysubtype = {project},
	publisher = {Folger Shakespeare Library},
	sorttitle = {Folgerpedia},
	title = {Folgerpedia},
	url = {folgerpedia.folger.edu/Main_Page},
	Bdsk-Url-1 = {folgerpedia.folger.edu/Main_Page}}

@online{PiersPEA:aa,
	date = {2018-06-07},
	date-added = {2021-06-13 15:00:24 -0500},
	date-modified = {2021-06-14 20:27:26 -0500},
	editor = {Robert Adams and Patricia R. Bart and John A. Burrow and Michael A. Calabrese and Eric Eliason and Hanna, Ralph, III and Katherine Heinrichs Rehyansky and Judith Jefferson and Eugene Lyman and Stephen Shepherd and M{\'\i}{\.c}e{\'a}l Vaughan},
	entrysubtype = {project},
	options = {useeditor=false},
	publisher = {{Society for Early English and Norse Electronic Texts}},
	sorttitle = {Piers Plowman Electronic Archive},
	title = {\mkbibemph{Piers Plowman} Electronic Archive},
	url = {piers.chass.ncsu.edu/},
	Bdsk-Url-1 = {piers.chass.ncsu.edu/}}

@online{BlakeArchive:uh,
	date = {1996/2014},
	date-added = {2021-06-13 14:46:45 -0500},
	date-modified = {2021-06-14 20:27:52 -0500},
	editor = {Morris Eaves and Robert Essick and Joseph Viscomi},
	entrysubtype = {project},
	title = {The William Blake Archive},
	url = {www.blakearchive.org},
	Bdsk-Url-1 = {www.blakearchive.org}}

@online{VisualizingEmancipation:uf,
	date-added = {2021-06-13 14:46:45 -0500},
	date-modified = {2021-06-14 20:27:43 -0500},
	editor = {Scott Nesbit and Edward L. Ayers},
	editortype = {director},
	entrysubtype = {project},
	options = {useeditor=false},
	sorttitle = {Visualizing},
	title = {Visualizing Emancipation},
	url = {dsl.richmond.edu/emancipation/},
	Bdsk-Url-1 = {dsl.richmond.edu/emancipation/}}

@book{Bauch:tb,
	author = {Bauch, Nicholas},
	date-added = {2021-06-13 14:39:04 -0500},
	date-modified = {2021-06-14 14:03:56 -0500},
	publisher = {Stanford University Press},
	subtitle = {A Pattern Language for the Production of Space},
	title = {Enchanting the Desert},
	url = {www.enchantingthedesert.com/home/},
	year = {2016},
	Bdsk-Url-1 = {www.enchantingthedesert.com/home/}}

@review{YouWill:aa,
	bookauthor = {Megan Abbott},
	booktitle = {You Will Know Me},
	date = {2016-05-05},
	date-added = {2021-06-13 13:45:15 -0500},
	date-modified = {2021-06-13 13:45:23 -0500},
	journal = {Kirkus Reviews},
	url = {www.kirkusreviews.com/book-reviews/megan-abbott/you-will-know-me/},
	Bdsk-Url-1 = {www.kirkusreviews.com/book-reviews/megan-abbott/you-will-know-me/}}

@review{Racial:vh,
	date = {1999},
	date-added = {2021-06-13 13:37:30 -0500},
	date-modified = {2021-06-13 13:37:59 -0500},
	journal = {Journal of Blacks in Higher Education},
	pages = {133--34},
	title = {Racial Stereotype Busters: Black Scientists Who Made a Difference},
	volume = {25}}

@review{Rohrbaugh:aa,
	author = {Rohrbaugh, Lisa},
	bookauthor = {Scott O'Connor},
	booktitle = {Zero Zone},
	date = {2020-07-01},
	date-added = {2021-06-13 13:35:51 -0500},
	date-modified = {2021-06-13 13:35:51 -0500},
	journal = {Library Journal},
	url = {www.libraryjournal.com/?reviewDetail=zero-zone},
	Bdsk-Url-1 = {www.libraryjournal.com/?reviewDetail=zero-zone}}

@review{Tommasini:tm,
	author = {Tommasini, Anthony},
	date = {1998-06-11},
	date-added = {2021-06-13 13:32:39 -0500},
	date-modified = {2021-06-13 13:41:28 -0500},
	entrysubtype = {newspaper},
	journal = {The New York Times},
	pages = {p. E5},
	title = {A Feminist Look at Sophocles},
	version = {late ed.}}

@article{Riis:2017vi,
	author = {Riis, Jacob},
	date-added = {2021-06-13 12:55:06 -0500},
	date-modified = {2021-06-13 12:55:06 -0500},
	entrysubtype = {magazine},
	issue = {winter},
	journal = {Lapham's Quarterly},
	number = {1},
	origdate = {1890},
	title = {Huddled Masses},
	url = {www.laphamsquarterly.org/home/huddled-masses},
	volume = {10},
	year = {2017},
	Bdsk-Url-1 = {www.laphamsquarterly.org/home/huddled-masses}}

@article{Deresiewicz:un,
	author = {Deresiewicz, William},
	date = {2015-01/2015-02},
	date-added = {2021-06-13 12:52:45 -0500},
	date-modified = {2021-06-13 12:52:45 -0500},
	entrysubtype = {magazine},
	journal = {The Atlantic},
	pages = {92--97},
	title = {The Death of the Artist---and the Birth of the Creative Entrepreneur}}

@article{Giant:ta,
	date = {2017-01-19},
	date-added = {2021-06-13 12:52:45 -0500},
	date-modified = {2021-06-13 12:55:14 -0500},
	entrysubtype = {magazine},
	journal = {The Economist},
	title = {Giant of France: The Frenchman Who Changed Literature},
	url = {www.economist.com/news/books-and-arts/21714971-frenchman-who-changed-literature-giant-france},
	Bdsk-Url-1 = {www.economist.com/news/books-and-arts/21714971-frenchman-who-changed-literature-giant-france}}

@article{Glatter:wx,
	addendum = {Educational Eden: Imagining the Ideal School System},
	author = {Hayley Glatter and Emily DeRuy and Alia Wong},
	date = {2016-09-02},
	date-added = {2021-06-13 12:49:45 -0500},
	date-modified = {2021-06-13 12:49:45 -0500},
	entrysubtype = {newspaper},
	journal = {The Atlantic},
	title = {Reimagining the Modern Classroom},
	url = {www.theatlantic.com/education/archive/2016/09/reimagining-the-modern-classroom/498224/},
	Bdsk-Url-1 = {www.theatlantic.com/education/archive/2016/09/reimagining-the-modern-classroom/498224/}}

@article{Alaton:tc,
	author = {Alaton, Salem},
	date = {1997-12-27},
	date-added = {2021-06-13 12:18:27 -0500},
	date-modified = {2021-06-13 12:19:24 -0500},
	entrysubtype = {newspaper},
	journal = {The Globe and Mail},
	location = {Toronto},
	pages = {pp. D1+},
	title = {So, Did They Live Happily Ever After?}}

@article{Parker-Pope:wm,
	author = {Parker-Pope, Tara},
	date = {2017-11-02},
	date-added = {2021-06-13 12:15:52 -0500},
	date-modified = {2021-06-13 12:16:48 -0500},
	entrysubtype = {newspaper},
	journal = {The New York Times},
	title = {How to Age Well},
	url = {www.nytimes.com/guides/well/how-to-age-well},
	Bdsk-Url-1 = {www.nytimes.com/guides/well/how-to-age-well}}

@article{Tribble:tc,
	author = {Tribble, Ivan},
	date = {2005-07-08},
	date-added = {2021-06-13 12:15:52 -0500},
	date-modified = {2021-06-13 12:16:56 -0500},
	entrysubtype = {newspaper},
	journal = {The Chronicle of Higher Education},
	title = {Bloggers Need Not Apply},
	url = {chronicle.com/article/Bloggers-Need-Not-Apply/45022},
	Bdsk-Url-1 = {chronicle.com/article/Bloggers-Need-Not-Apply/45022}}

@article{Haughney:ty,
	author = {Haughney, Christine},
	chapter = {11},
	date = {2006-12-10},
	date-added = {2021-06-12 23:25:30 -0500},
	date-modified = {2021-06-12 23:27:39 -0500},
	entrysubtype = {newspaper},
	journal = {The New York Times},
	pages = {1+},
	title = {Women Unafraid of Condo Commitment},
	version = {late ed.}}

@article{Sharpe:wa,
	author = {Sharpe, Rochelle},
	date = {2016-11-06},
	date-added = {2021-06-12 23:14:20 -0500},
	date-modified = {2021-06-12 23:14:20 -0500},
	entrysubtype = {newspaper},
	journal = {The New York Times Education Life},
	pages = {18--19},
	title = {Those Hidden Fees}}

@article{Magra:ws,
	author = {Iliana Magra and Andrea Zaratemay},
	date = {2018-05-03},
	date-added = {2021-06-12 23:09:50 -0500},
	date-modified = {2021-06-13 12:13:28 -0500},
	entrysubtype = {newspaper},
	journal = {The New York Times},
	pages = {p. A7},
	title = {Hikers' Love of a Rarity in the Andes Takes a Toll}}

@article{Perrier:vv,
	author = {Perrier, Jean-Louis},
	date = {1997-02-26},
	date-added = {2021-06-12 23:09:50 -0500},
	date-modified = {2021-06-12 23:09:50 -0500},
	entrysubtype = {newspaper},
	journal = {Le monde},
	pages = {28},
	title = {La vie artistique de Budapest perturb{\'e}e par la loi du march{\'e}}}

@article{Soloski:wi,
	author = {Soloski, Alexis},
	chapter = {Arts and Leisure},
	date = {2016-11-20},
	date-added = {2021-06-12 23:09:50 -0500},
	date-modified = {2021-06-12 23:13:11 -0500},
	entrysubtype = {newspaper},
	journal = {The New York Times},
	pages = {5},
	title = {The Time Has Come to Play Othello}}

@article{Evacuation:wj,
	date = {2016-07-15},
	date-added = {2021-06-12 23:04:23 -0500},
	date-modified = {2021-06-12 23:04:38 -0500},
	entrysubtype = {newspaper},
	journal = {The Boston Globe},
	title = {Evacuation Order Lifted at Nice Airport},
	url = {www.bostonglobe.com/news/world/2016/07/15/evacuation-progress-nice-airport/KO4BytWK4wFUOxjEkSpKTN/story.html},
	Bdsk-Url-1 = {www.bostonglobe.com/news/world/2016/07/15/evacuation-progress-nice-airport/KO4BytWK4wFUOxjEkSpKTN/story.html}}

@article{Editorial-Board:vc,
	author = {{Editorial Board}},
	date = {2016-11-21},
	date-added = {2021-06-12 22:45:28 -0500},
	date-modified = {2021-06-12 22:47:41 -0500},
	entrysubtype = {newspaper},
	journal = {Chicago Tribune},
	title = {How to Tell Truth from Fiction in the Age of Fake News},
	url = {www.chicagotribune.com/news/opinion/editorials/ct-fake-news-facebook-edit-1120-md-20161118-story.html},
	Bdsk-Url-1 = {www.chicagotribune.com/news/opinion/editorials/ct-fake-news-facebook-edit-1120-md-20161118-story.html}}

@article{Gergen:un,
	addendum = {Op-ed.},
	author = {Gergen, David},
	date = {2002-02-11},
	date-added = {2021-06-12 22:45:28 -0500},
	date-modified = {2021-06-12 22:45:28 -0500},
	journal = {US News and World Report},
	pages = {72},
	title = {A Question of Values}}

@article{AppiahGates:1992uw,
	date-added = {2021-06-12 21:44:47 -0500},
	date-modified = {2021-06-12 21:45:49 -0500},
	editor = {Appiah, Kwame Anthony and Gates, Jr., Henry Louis},
	entrysubtype = {specissue},
	issuetitle = {Identities},
	journal = {Critical Inquiry},
	number = {4},
	volume = {18},
	year = {1992}}

@article{Erhardt:2020wl,
	author = {Julian Erhardt and Steffen Wamsler and Markus Freitag},
	date-added = {2021-06-12 21:40:58 -0500},
	date-modified = {2021-06-12 21:40:58 -0500},
	doi = {10.1017/S1755773920000351},
	eprinttype = {Cambridge Core},
	journal = {European Political Science Review},
	title = {National Identity between Democracy and Autocracy: A Comparative Analysis of Twenty-Four Countries},
	year = {2020},
	Bdsk-Url-1 = {https://doi.org/10.1017/S1755773920000351}}

@article{Moskowitz:uw,
	addendum = {Moskowitz supplementary material},
	author = {Moskowitz, Daniel J},
	date = {2021-02},
	date-added = {2021-06-12 21:36:44 -0500},
	date-modified = {2021-06-12 21:36:44 -0500},
	doi = {10.1017/S0003055420000829},
	eprinttype = {Cambridge Core},
	journal = {American Political Science Review},
	number = {1},
	pages = {114--129},
	title = {Local News, Information, and the Nationalization of U.S. Elections},
	volume = {115},
	Bdsk-Url-1 = {https://doi.org/10.1017/S0003055420000829}}

@article{Fisher:vu,
	addendum = {PDF download},
	author = {Fisher, Margaret},
	date = {2006-04},
	date-added = {2021-06-12 21:33:56 -0500},
	date-modified = {2021-06-16 14:47:53 -0500},
	journal = {Yale University Library Gazette},
	number = {3-4},
	pages = {139--160},
	title = {The Music of Ezra Pound},
	url = {www.jstor.org/stable/40859548},
	volume = {80},
	Bdsk-Url-1 = {www.jstor.org/stable/40859548}}

@article{Alpert-Abrams:2016wb,
	author = {Alpert-Abrams, Hannah},
	date-added = {2021-06-12 21:08:14 -0500},
	date-modified = {2021-06-14 20:16:37 -0500},
	entrysubtype = {online},
	journal = {Digital Humanities Quarterly},
	number = {4},
	title = {Machine Reading the \mkbibemph{Primeros Libros}},
	url = {www.digitalhumanities.org/dhq/vol/10/4/000268/000268.html},
	volume = {10},
	year = {2016},
	Bdsk-Url-1 = {www.digitalhumanities.org/dhq/vol/10/4/000268/000268.html}}

@article{Goldman:2010wd,
	author = {Goldman, Anne},
	date-added = {2021-06-12 21:06:39 -0500},
	date-modified = {2021-06-12 21:06:39 -0500},
	issue = {spring},
	journal = {The Georgia Review},
	number = {1},
	pages = {69--88},
	title = {Questions of Transport: Reading Primo Levi Reading Dante},
	url = {www.jstor.org/stable/41403188},
	volume = {64},
	year = {2010},
	Bdsk-Url-1 = {www.jstor.org/stable/41403188}}

@article{Bockelman:uu,
	author = {Bockelman, Brian},
	date = {2016-01},
	date-added = {2021-06-12 20:50:54 -0500},
	date-modified = {2021-06-18 14:58:44 -0500},
	doi = {10.1353/mod.2016.0011},
	eprinttype = {Project Muse},
	journal = {Modernism/Modernity},
	number = {1},
	pages = {37--63},
	title = {Buenos Aires \mkbibemph{Boh{\`e}me}: Argentina and the Transatlantic Bohemian Renaissance, 1890--1910},
	volume = {23},
	Bdsk-Url-1 = {https://doi.org/10.1353/mod.2016.0011}}

@article{Charney:2011wk,
	author = {Charney, Michael W},
	date-added = {2021-06-12 20:27:36 -0500},
	date-modified = {2021-06-12 20:51:51 -0500},
	editor = {Sumit Guha},
	entrysubtype = {specissue},
	issuetitle = {Literary Cultures at the Frontiers: Literature and Identity in the Early Modern World},
	journal = {The Medieval History Journal},
	number = {2},
	pages = {159--181},
	title = {Literary Culture on the Burma-Manipur Frontier in the Eighteenth and Nineteenth Centuries},
	volume = {14},
	year = {2011}}

@article{Helmling:2006ug,
	author = {Helmling, Steven},
	date-added = {2021-06-12 20:22:12 -0500},
	date-modified = {2021-06-12 20:22:12 -0500},
	journal = {Kenyon Review},
	number = {4},
	pages = {156--172},
	series = {newseries},
	title = {A Martyr to Happiness: Why Adorno Matters},
	volume = {28},
	year = {2006}}

@article{Litvak:2006vi,
	author = {Litvak, Lily},
	date-added = {2021-06-12 20:20:48 -0500},
	date-modified = {2021-06-12 20:20:48 -0500},
	journal = {Revista de occidente},
	pages = {5--18},
	title = {La buena nueva: Cultura y prensa anarquista (1880--1913)},
	volume = {304},
	year = {2006}}

@article{Tibullus:2002ub,
	author = {Tibullus},
	date = {2002/2003},
	date-added = {2021-06-12 20:15:42 -0500},
	date-modified = {2021-06-12 20:16:39 -0500},
	journal = {Chicago Review},
	number = {4},
	pages = {102--106},
	title = {How to Be Tibullus},
	translator = {David Wray},
	volume = {48}}

@article{MLA-Ad-Hoc:2007tc,
	author = {{MLA Ad Hoc Committee on Foreign Languages}},
	date-added = {2021-06-12 20:13:45 -0500},
	date-modified = {2021-06-12 20:14:23 -0500},
	journal = {Profession},
	pages = {234--245},
	title = {Foreign Languages and Higher Education: New Structures for a Changed World},
	year = {2007}}

@article{Belton:2008uo,
	author = {Belton, John},
	date-added = {2021-06-12 18:39:24 -0500},
	date-modified = {2021-06-12 18:39:24 -0500},
	issue = {spring},
	journal = {Film Quarterly},
	number = {3},
	pages = {58--65},
	title = {Painting by the Numbers: The Digital Intermediate},
	volume = {61},
	year = {2008}}

@article{Kafka:2007tm,
	author = {Kafka, Ben},
	date-added = {2021-06-12 18:35:50 -0500},
	date-modified = {2021-06-12 18:35:50 -0500},
	journal = {Representations},
	number = {98},
	pages = {1--24},
	title = {The Demon of Writing: Paperwork, Public Safety, and the Reign of Terror},
	year = {2007}}

@article{Boggs:2016tp,
	author = {Boggs, Colleen Glenney},
	date-added = {2021-06-12 18:34:34 -0500},
	date-modified = {2021-06-12 18:34:34 -0500},
	journal = {American Periodicals},
	number = {2},
	pages = {149--166},
	title = {Public Reading and the Civil War Draft Lottery},
	volume = {26},
	year = {2016}}

@incollection{Franklin:1992vl,
	author = {Franklin, Benjamin},
	booktitle = {The Faber Book of America},
	date-added = {2021-06-12 18:11:04 -0500},
	date-modified = {2021-06-12 18:11:04 -0500},
	editor = {Christopher Ricks and William L. Vance},
	origdate = {1782},
	pages = {24--26},
	publisher = {{Faber and Faber}},
	title = {Emigration to America},
	year = {1992}}

@incollection{Johnson:2014ty,
	addendum = {Originally published in \mkbibemph{Diacritics}, 1982},
	author = {Johnson, Barbara},
	booktitle = {The Barbara Johnson Reader: The Surprise of Otherness},
	date-added = {2021-06-12 18:06:54 -0500},
	date-modified = {2021-06-12 18:06:54 -0500},
	editor = {Melissa Feuerstein and Bill Johnson Gonz{\'a}lez and Lili Porten and Keja L. Valens},
	pages = {179--190},
	publisher = {Duke UP},
	title = {My Monster / My Self},
	year = {2014}}

@incollection{Dewar:2007wn,
	author = {James A. Dewar and Peng Hwa Ang},
	booktitle = {Agent of Change: Print Culture Studies after Elizabeth L. Eisenstein},
	date-added = {2021-06-12 18:02:05 -0500},
	date-modified = {2021-06-12 18:02:05 -0500},
	editor = {Sabrina Alcorn Baron and Eric N. Lindquist and Eleanor F. Shevlin},
	pages = {365--377},
	publisher = {University of Massachusetts Press and {Library of Congress, Center for the Book}},
	title = {The Cultural Consequences of Printing and the Internet},
	year = {2007}}

@suppbook{Wallach:2000we,
	author = {Wallach, Rick},
	booktitle = {Myth, Legend, Dust: Critical Responses to Cormac McCarthy},
	date-added = {2021-06-12 17:53:17 -0500},
	date-modified = {2021-06-12 17:53:17 -0500},
	editor = {Wallach, Rick},
	entrysubtype = {Introduction},
	pages = {xiv--xvi},
	publisher = {Manchester University Press},
	title = {Cormac McCarthy's Canon as Accidental Artifact},
	year = {2000}}

@suppbook{Seyhan:2008wz,
	author = {Seyhan, Azade},
	bookauthor = {Seyhan, Azade},
	booktitle = {Tales of Crossed Destinies: The Modern Turkish Novel in a Comparative Context},
	date-added = {2021-06-12 17:51:15 -0500},
	date-modified = {2021-06-12 17:51:15 -0500},
	pages = {1--22},
	publisher = {Modern Language Association of America},
	title = {Novel Moves},
	year = {2008}}

@suppbook{Felstiner:2001aa,
	author = {Felstiner, John},
	booktitle = {Selected Poems and Prose of Paul Celan},
	date-added = {2021-06-12 17:34:37 -0500},
	date-modified = {2021-06-12 17:34:37 -0500},
	entrysubtype = {Preface},
	pages = {xix--xxxvi},
	publisher = {W. W. Norton},
	translator = {Felstiner, John},
	year = {2001}}

@suppbook{Gere:2021aa,
	author = {Gere, Anne Ruggles},
	booktitle = {Improving Outcomes: Disciplinary Writing, Local Assessment, and the Aim of Fairness},
	date-added = {2021-06-12 17:34:37 -0500},
	date-modified = {2021-06-12 17:34:37 -0500},
	editor = {Diane Kelly-Riley and Norbert Elliot},
	entrysubtype = {Foreword},
	pages = {vii--viii},
	publisher = {Modern Language Association of America},
	year = {2021}}

@incollection{Poe:1902wd,
	author = {Poe, Edgar Allan},
	booktitle = {The Complete Works of Edgar Allan Poe},
	date-added = {2021-06-12 17:24:53 -0500},
	date-modified = {2021-06-12 17:24:53 -0500},
	editor = {James A. Harrison},
	pages = {250--258},
	publisher = {Thomas Y. Crowell},
	title = {The Masque of the Red Death},
	volume = {4},
	year = {1902}}

@incollection{Hopi:1986wu,
	booktitle = {The Hopi Way: Tales from a Vanishing Culture},
	date-added = {2021-06-12 17:24:53 -0500},
	date-modified = {2021-06-12 17:26:42 -0500},
	editor = {Mando Sevillano},
	editortype = {compiler},
	options = {useeditor=false},
	pages = {33--42},
	publisher = {Northland},
	sorttitle = {Witchcraft Story},
	title = {A Witchcraft Story},
	year = {1986}}

@incollection{Marvell:1979tp,
	author = {Marvell, Andrew},
	booktitle = {The Norton Anthology of English Literature},
	date-added = {2021-06-12 17:17:33 -0500},
	date-modified = {2021-06-12 17:17:33 -0500},
	edition = {4},
	editor = {M. H. Abrams},
	editortype = {generaleditor},
	pages = {1368},
	publisher = {W. W. Norton},
	title = {The Mower's Song},
	volume = {1},
	year = {1979}}

@incollection{Fagih:2003uj,
	author = {Fagih, Ahmed Ibrahim al-},
	booktitle = {Short Arabic Plays: An Anthology},
	date-added = {2021-06-12 16:36:53 -0500},
	date-modified = {2021-06-12 16:48:50 -0500},
	editor = {Salma Khadra Jayyusi},
	entrysubtype = {play},
	options = {uniquetranslator=true},
	pages = {140--157},
	publisher = {Interlink Books},
	title = {The Singing of the Stars},
	translator = {Leila El Khalidi and Christopher Tingley},
	year = {2003}}

@incollection{Euripides:1998tx,
	author = {Euripides},
	booktitle = {Ten Plays},
	date-added = {2021-06-12 16:33:29 -0500},
	date-modified = {2021-06-12 16:34:08 -0500},
	entrysubtype = {play},
	pages = {457--512},
	publisher = {New American Library},
	title = {The Trojan Women},
	translator = {Paul Roche},
	year = {1998}}

@book{Lee:2014vk,
	author = {Lee, Harper},
	date-added = {2021-06-12 16:25:18 -0500},
	date-modified = {2021-06-12 16:25:18 -0500},
	edition = {audiobook edition, unabridged edition},
	editor = {Sissy Spacek},
	editortype = {narrator},
	publisher = {HarperAudio},
	title = {To Kill a Mockingbird},
	year = {2014}}

@mlasource{Bible-app:2016ab,
	date-added = {2021-06-12 15:33:31 -0500},
	datea = {2016},
	publishera = {Bible Gateway / Zondervan},
	supplemental = {King James Version},
	title = {The Bible},
	titlea = {Bible Gateway},
	titletype = {complete},
	versiona = {version 42},
	versionb = {App}}

@book{Gikandi:2000vz,
	author = {Gikandi, Simon},
	date-added = {2021-06-12 15:23:31 -0500},
	date-modified = {2021-06-12 15:28:36 -0500},
	eprinttype = {ACLS Humanities E-Book},
	publisher = {Cambridge UP},
	title = {Ngugi wa Thiong'o},
	url = {hdl.handle.net/2027/heb.07588.0001.001},
	year = {2000},
	Bdsk-Url-1 = {hdl.handle.net/2027/heb.07588.0001.001}}

@book{Miller:2016vg,
	author = {Daniel Miller and Elisabetta Costa and Nell Haynes and Tom McDonald and Razvan Nicolescu and Jolynna Sinanan and Juliano Spyer and Shriram Venkatraman and Xinyuan Wang},
	date-added = {2021-06-12 15:23:31 -0500},
	date-modified = {2021-06-12 15:26:52 -0500},
	doi = {10.2307/j.ctt1g69z35},
	publisher = {UCL P{}ress},
	title = {How the World Changed Social Media},
	year = {2016},
	Bdsk-Url-1 = {https://doi.org/10.2307/j.ctt1g69z35}}

@book{Handbook:2021aa,
	date-added = {2021-06-12 14:49:32 -0500},
	date-modified = {2021-06-12 14:50:25 -0500},
	edition = {9th edition, e-book edition},
	publisher = {Modern Language Association of America},
	title = {MLA Handbook},
	year = {2021}}

@book{OConnor:2009un,
	author = {O'Connor, Patricia},
	date-added = {2021-06-12 14:49:32 -0500},
	date-modified = {2021-06-12 15:19:15 -0500},
	edition = {\autocap{e}-book edition},
	publisher = {Riverhead Books},
	title = {Woe Is I: The Grammarphobe's Guide to Better English in Plain English},
	year = {2009}}

@proceedings{Chang:2000uv,
	booktitle = {Proceedings of the Twenty-Fifth Annual Meeting of the Berkeley Linguistics Society, February 12--15, 1999: General Session and Parasession on Loan Word Phenomena},
	date-added = {2021-06-12 14:42:51 -0500},
	date-modified = {2021-06-14 13:31:50 -0500},
	editor = {Steve S. Chang and Lily Liaw and Joseph Ruppenhofer},
	publisher = {Berkeley Linguistics Society},
	year = {2000}}

@book{Wellek:1992ws,
	author = {Wellek, Ren{\'e}},
	date-added = {2021-06-12 14:39:32 -0500},
	date-modified = {2021-06-12 14:39:32 -0500},
	publisher = {Yale University Press},
	title = {A History of Modern Criticism, 1750--1950},
	volume = {8},
	year = {1992}}

@book{Rampersad:2002va,
	author = {Rampersad, Arnold},
	date-added = {2021-06-12 14:24:41 -0500},
	date-modified = {2021-06-12 14:24:41 -0500},
	edition = {2},
	publisher = {Oxford University Press},
	title = {The Life of Langston Hughes},
	volumes = {2},
	year = {2002}}

@book{Howells:1968wo,
	author = {Howells, W. D.},
	date-added = {2021-06-11 07:24:28 -0500},
	date-modified = {2021-06-12 23:26:45 -0500},
	editor = {John K. Reeves},
	editora = {Edwin H. Cady},
	editoratype = {generaleditor},
	entrysubtype = {newspaper},
	eventdate = {1968/1983},
	maintitle = {A Selected Edition of W. D. Howells},
	publisher = {Indiana University Press},
	title = {Their Wedding Journey},
	volume = {5},
	year = {1968}}

@book{Caro:2012wy,
	author = {Caro, Robert A.},
	date-added = {2021-06-10 12:39:13 -0500},
	date-modified = {2021-06-10 12:39:13 -0500},
	maintitle = {The Years of Lyndon Johnson},
	publisher = {Vintage Books},
	title = {The Passage of Power},
	volume = {4},
	year = {2012}}

@periodical{Clowes:1998wp,
	author = {Clowes, Daniel},
	date-added = {2021-06-10 12:02:46 -0500},
	date-modified = {2021-06-10 12:23:38 -0500},
	issuetitle = {David Boring},
	number = {19},
	publisher = {Fantagraphics},
	title = {Eightball},
	year = {1998}}

@book{Waid:2005up,
	author = {Marc Waid},
	date-added = {2021-06-10 12:02:46 -0500},
	date-modified = {2021-06-10 12:02:46 -0500},
	editora = {Leinil Francis Yu},
	editoratype = {illustrated by},
	editorb = {Gerry Alanguilan},
	editorbtype = {inked by},
	editorc = {Dave McCaig},
	editorctype = {colored by},
	options = {useauthor=false,useeditor=false},
	publisher = {DC Comics},
	title = {Superman: Birthright},
	year = {2005}}

@book{London:1990tn,
	author = {London, Jack},
	date-added = {2021-06-10 11:48:25 -0500},
	date-modified = {2021-06-10 11:48:25 -0500},
	origyear = {1903},
	publisher = {Dover},
	title = {Call of the Wild},
	year = {1990}}

@book{Goethe:1875vw,
	address = {London},
	author = {Goethe, Johann Wolfgang von},
	date-added = {2021-06-10 11:47:30 -0500},
	date-modified = {2021-06-14 13:29:21 -0500},
	edition = {new edition},
	options = {showlocation=true},
	title = {Conversations of Goethe with Eckermann and Soret},
	translator = {John Oxenford},
	year = {1875}}

@book{Hocking:2010tz,
	author = {Hocking, Amanda},
	date-added = {2021-06-10 11:45:52 -0500},
	date-modified = {2021-06-10 11:45:52 -0500},
	title = {Fate},
	year = {2010}}

@book{Tomlinson:2002tc,
	date-added = {2021-06-10 11:44:58 -0500},
	date-modified = {2021-06-10 11:45:06 -0500},
	editor = {Tomlinson, Janis A.},
	publisher = {National Gallery of Art and Yale University Press},
	subtitle = {Images of Women},
	title = {Goya},
	year = {2002}}

@book{Neruda:1991wq,
	author = {Neruda, Pablo},
	date-added = {2021-06-10 11:43:25 -0500},
	date-modified = {2021-06-10 11:55:57 -0500},
	number = {7},
	publisher = {University of California Press},
	series = {Latin American Literature and Culture},
	title = {Canto general},
	translator = {Jack Schmitt},
	year = {1991}}

@book{Milkis:1994vv,
	author = {Sidney M. Milkis and Michael Nelson},
	date-added = {2021-06-10 10:51:14 -0500},
	date-modified = {2021-06-12 15:39:09 -0500},
	edition = {2},
	publisher = {CQ P{}ress},
	subtitle = {Origins and Development, 1776--1993},
	title = {The American Presidency},
	year = {1994}}

@book{Wollstonecraft:2009uf,
	author = {Wollstonecraft, Mary},
	date-added = {2021-06-10 10:51:14 -0500},
	date-modified = {2021-06-10 10:52:20 -0500},
	edition = {Norton Critical Edition, 3rd edition},
	editor = {Deidre Shauna Lynch},
	publisher = {W. W. Norton},
	title = {A Vindication of the Rights of Woman},
	year = {2009}}

@book{Carroll:2006tm,
	author = {Carroll, Lewis},
	date-added = {2021-06-10 10:46:44 -0500},
	date-modified = {2021-06-14 13:27:41 -0500},
	editor = {John Tenniel},
	editortype = {Illustrated by},
	publisher = {Bantam Books},
	title = {\mkbibemph{Alice's Adventures in Wonderland} and \mkbibemph{Through the Looking-Glass}},
	year = {2006}}

@book{Chreiteh:2009aa,
	author = {Chreiteh, Alexandra},
	date-added = {2021-06-10 08:38:34 -0500},
	date-modified = {2021-06-10 10:48:34 -0500},
	nameaddon = {Shuraytih., Aliksandr{\=a}},
	publisher = {Al-D{\=a}r al-ʻArab{\=\i}yah lil-ʻUl{\=u}m N{\=a}shir{\=u}n},
	title = {\textarabic{الروسية} \textarabic{وأمه} \textarabic{علي}},
	titleaddon = {\mkbibbrackets{\mkbibemph{ʻAl{\=\i} wa-ummuhu al-R{\=u}s{\=\i}yah; Ali and His Russian Mother}}},
	year = {2009}}

@book{Fallani:1971vv,
	author = {Fallani, Giovanni},
	date-added = {2021-06-10 08:38:34 -0500},
	date-modified = {2021-06-10 08:38:34 -0500},
	publisher = {Minerva Italica},
	title = {Dante e la cultura figurativa medievale},
	year = {1971}}

@book{Freud:2005wb,
	author = {Freud, Sigmund},
	date-added = {2021-06-10 08:00:18 -0500},
	date-modified = {2021-06-14 12:57:29 -0500},
	editor = {James Strachey},
	publisher = {W. W. Norton},
	title = {Civilization and Its Discontents},
	translator = {James Strachey},
	year = {2005}}

@book{Dostoevsky:1993wh,
	author = {Fyodor Dostoevsky},
	date-added = {2021-06-10 07:54:26 -0500},
	date-modified = {2021-06-12 15:40:37 -0500},
	edition = {\autocap{e}-book edition},
	options = {usetranslator=true,useauthor=false},
	publisher = {Vintage Books},
	title = {Crime and Punishment},
	translator = {Richard Pevear and Larissa Volokhonsky},
	year = {1993}}

@book{Stendhal:2002ty,
	author = {Stendhal},
	date-added = {2021-06-10 07:54:26 -0500},
	date-modified = {2021-06-10 07:54:26 -0500},
	publisher = {Penguin Books},
	title = {The Red and the Black},
	translator = {Roger Gard},
	year = {2002}}

@book{Dunbar:2004tv,
	author = {Dunbar, William},
	date-added = {2021-06-10 07:37:46 -0500},
	date-modified = {2021-06-10 07:48:38 -0500},
	editor = {John Conlee},
	eprinttype = {TEAMS Middle English Texts\mkbibemph{, U of Rochester}},
	publisher = {Medieval Institute Publications},
	title = {The Complete Works},
	url = {d.lib.rochester.edu/teams/publication/conlee-dunbar-complete-works},
	year = {2004},
	Bdsk-Url-1 = {d.lib.rochester.edu/teams/publication/conlee-dunbar-complete-works}}

@book{Milton:1998ty,
	author = {Milton, John},
	date-added = {2021-06-10 07:37:46 -0500},
	date-modified = {2021-06-10 07:37:46 -0500},
	editor = {Roy Flannagan},
	publisher = {Houghton Mifflin},
	title = {The Riverside Milton},
	year = {1998}}

@book{Prado:2018vb,
	date-added = {2021-06-10 07:37:46 -0500},
	date-modified = {2021-06-10 07:37:59 -0500},
	editor = {S{\'a}nchez Prado, Ignacio M.},
	publisher = {Bloomsbury Academic},
	title = {Mexican Literature in Theory},
	year = {2018}}

@book{United-Nations:1991vc,
	author = {{United Nations}},
	date-added = {2021-06-09 10:25:34 -0500},
	date-modified = {2021-06-09 10:34:19 -0500},
	publisher = {{Taylor and Francis}},
	title = {Consequences of Rapid Population Growth in Developing Countries},
	year = {1991}}

@book{Adirondacks:1990tb,
	address = {New York State},
	date-added = {2021-06-09 10:25:34 -0500},
	date-modified = {2021-06-09 10:26:12 -0500},
	options = {showlocation=true},
	publisher = {Commission on the Adirondacks in the Twenty-First Century},
	title = {The Adirondack Park in the Twenty-First Century},
	year = {1990}}

@book{Baron-etal:2007tj,
	date-added = {2021-06-09 10:25:34 -0500},
	date-modified = {2021-06-09 10:25:57 -0500},
	editor = {Sabrina Baron and Eric Lindquist and Eleanor Shevlin and Sabrina Alcorn Baron and Eric N. Lindquist and Eleanor F. Shevlin},
	publisher = {University of Massachusetts Press and {Library of Congress, Center for the Book}},
	subtitle = {Print Culture Studies after Elizabeth L. Eisenstein},
	title = {Agent of Change},
	year = {2007}}

@book{LazarillodeTormes:1554vl,
	address = {Medina del Campo},
	date-added = {2021-06-09 09:54:02 -0500},
	date-modified = {2021-06-09 09:54:38 -0500},
	options = {showlocation=true},
	title = {Lazarillo de Tormes},
	year = {1554}}

@book{Charon:2017tw,
	author = {Rita Charon and Sayantani DasGupta and Nellie Hermann and Craig Irvine and Eric R. Marcus and Edgar Rivera Colsn and Danielle Spencer and Maura Spiegel},
	date-added = {2021-06-09 09:44:00 -0500},
	date-modified = {2021-06-09 09:44:00 -0500},
	publisher = {Oxford University Press},
	title = {The Principles and Practice of Narrative Medicine},
	year = {2017}}

@book{Beowulf:2004th,
	date-added = {2021-06-09 09:44:00 -0500},
	date-modified = {2021-06-09 09:51:54 -0500},
	editor = {Sarah Anderson},
	options = {useeditor=false},
	publisher = {Pearson},
	title = {Beowulf},
	translator = {Alan Sullivan and Timothy Murphy},
	year = {2004}}

@book{Dorris:1999wo,
	author = {Michael Dorris and Louise Erdrich},
	date-added = {2021-06-09 09:41:09 -0500},
	date-modified = {2021-06-09 09:41:09 -0500},
	publisher = {HarperCollins Publishers},
	title = {The Crown of Columbus},
	year = {1999}}

@book{Davis:1998we,
	author = {Davis, Angela Y},
	date-added = {2021-06-09 08:53:13 -0500},
	date-modified = {2021-07-25 17:34:52 -0500},
	publisher = {Pantheon},
	subtitle = {Gertrude ``Ma'' Rainey, Bessie Smith, and Billie Holiday},
	title = {Blues Legacies and Black Feminism},
	year = {1998}}

@book{Shen-Fu:2011vw,
	author = {{Shen Fu}},
	date-added = {2021-06-09 08:53:13 -0500},
	date-modified = {2021-07-25 17:34:58 -0500},
	publisher = {Hackett Publishing},
	title = {Six Records of a Life Adrift},
	translator = {Graham Sanders},
	year = {2011}}
